<?xml version="1.0" encoding="UTF-8"?>
<record xmlns="http://www.loc.gov/MARC21/slim" xmlns:xsi="http://www.w3.org/2001/XMLSchema-instance" xsi:schemaLocation="http://www.loc.gov/MARC21/slim http://www.loc.gov/standards/marcxml/schema/MARC21slim.xsd">
<leader>00000cam a22      a 4500</leader>
<controlfield tag="001">002177781</controlfield>
<controlfield tag="003">NNU</controlfield>
<controlfield tag="005">20160125161940.0</controlfield>
<controlfield tag="008">010820s1935    su ab         000 0 ara d</controlfield>
<datafield tag="035" ind1=" " ind2=" ">
<subfield code="a">(OCoLC)47808844</subfield>
</datafield>
<datafield tag="040" ind1=" " ind2=" ">
<subfield code="a">ZCU</subfield>
<subfield code="b">eng</subfield>
<subfield code="c">ZCU</subfield>
<subfield code="d">OCLCQ</subfield>
<subfield code="d">OCLCO</subfield>
<subfield code="d">OCLCF</subfield>
<subfield code="d">NNU</subfield>
</datafield>
<datafield tag="043" ind1=" " ind2=" ">
<subfield code="a">a-su---</subfield>
</datafield>
<datafield tag="050" ind1=" " ind2="4">
<subfield code="a">NA1471.M42</subfield>
<subfield code="b">A56 1935</subfield>
</datafield>
<datafield tag="100" ind1="1" ind2=" ">
<subfield code="6">880-01</subfield>
<subfield code="a">Anṣārī, ʻAbd al-Quddūs,</subfield>
<subfield code="d">1906 or 1907-1983.</subfield>
</datafield>
<datafield tag="245" ind1="1" ind2="0">
<subfield code="6">880-02</subfield>
<subfield code="a">Āthār al-Madīnah al-munawwarah /</subfield>
<subfield code="c">bi-qalam ʻAbd-al-Quddūs al-Ansārī.</subfield>
</datafield>
<datafield tag="260" ind1=" " ind2=" ">
<subfield code="6">880-03</subfield>
<subfield code="a">al-Madīnah :</subfield>
<subfield code="b">al-Maktabah al-ʻIlmīyah,</subfield>
<subfield code="c">1935.</subfield>
</datafield>
<datafield tag="300" ind1=" " ind2=" ">
<subfield code="a">188 pages :</subfield>
<subfield code="b">illustrations, folded map ;</subfield>
<subfield code="c">23 cm</subfield>
</datafield>
<datafield tag="336" ind1=" " ind2=" ">
<subfield code="a">text</subfield>
<subfield code="b">txt</subfield>
<subfield code="2">rdacontent</subfield>
</datafield>
<datafield tag="337" ind1=" " ind2=" ">
<subfield code="a">unmediated</subfield>
<subfield code="b">n</subfield>
<subfield code="2">rdamedia</subfield>
</datafield>
<datafield tag="338" ind1=" " ind2=" ">
<subfield code="a">volume</subfield>
<subfield code="b">nc</subfield>
<subfield code="2">rdacarrier</subfield>
</datafield>
<datafield tag="651" ind1=" " ind2="0">
<subfield code="a">Medina (Saudi Arabia)</subfield>
<subfield code="x">Description and travel.</subfield>
</datafield>
<datafield tag="650" ind1=" " ind2="7">
<subfield code="a">Travel.</subfield>
<subfield code="2">fast</subfield>
<subfield code="0">(OCoLC)fst01155558</subfield>
</datafield>
<datafield tag="651" ind1=" " ind2="7">
<subfield code="a">Saudi Arabia</subfield>
<subfield code="z">Medina.</subfield>
<subfield code="2">fast</subfield>
<subfield code="0">(OCoLC)fst01213531</subfield>
</datafield>
<datafield tag="880" ind1="1" ind2=" ">
<subfield code="6">100-01/</subfield>
<subfield code="a">انصاري، عبد القدوس،</subfield>
<subfield code="d">1906 or 1907-1983.</subfield>
</datafield>
<datafield tag="880" ind1="1" ind2="0">
<subfield code="6">245-02/</subfield>
<subfield code="a">آثار المدينة المنورة /</subfield>
<subfield code="c">بقلم عبدالقدوس الانصاري.</subfield>
</datafield>
<datafield tag="880" ind1=" " ind2=" ">
<subfield code="6">260-03/</subfield>
<subfield code="a">المدينة :</subfield>
<subfield code="b">المكتبة العلمية،</subfield>
<subfield code="c">1935.</subfield>
</datafield>
<datafield tag="OWN" ind1=" " ind2=" ">
<subfield code="a">GENERAL</subfield>
</datafield>
<datafield tag="AVA" ind1=" " ind2=" ">
<subfield code="a">NYU50</subfield>
<subfield code="b">BOBST</subfield>
<subfield code="c">Main Collection</subfield>
<subfield code="d">NA1471.M42 A56 1935</subfield>
<subfield code="e">unavailable</subfield>
<subfield code="t">Unavailable</subfield>
<subfield code="f">1</subfield>
<subfield code="g">1</subfield>
<subfield code="h">N</subfield>
<subfield code="i">0</subfield>
<subfield code="j">MAIN</subfield>
<subfield code="k">0</subfield>
</datafield>
</record>
